%YAML 1.1
%TAG !u! tag:unity3d.com,2011:
--- !u!29 &1
OcclusionCullingSettings:
  m_ObjectHideFlags: 0
  serializedVersion: 2
  m_OcclusionBakeSettings:
    smallestOccluder: 5
    smallestHole: 0.25
    backfaceThreshold: 100
  m_SceneGUID: 00000000000000000000000000000000
  m_OcclusionCullingData: {fileID: 0}
--- !u!104 &2
RenderSettings:
  m_ObjectHideFlags: 0
  serializedVersion: 9
  m_Fog: 0
  m_FogColor: {r: 0.5, g: 0.5, b: 0.5, a: 1}
  m_FogMode: 3
  m_FogDensity: 0.01
  m_LinearFogStart: 0
  m_LinearFogEnd: 300
  m_AmbientSkyColor: {r: 0.212, g: 0.227, b: 0.259, a: 1}
  m_AmbientEquatorColor: {r: 0.114, g: 0.125, b: 0.133, a: 1}
  m_AmbientGroundColor: {r: 0.047, g: 0.043, b: 0.035, a: 1}
  m_AmbientIntensity: 1
  m_AmbientMode: 0
  m_SubtractiveShadowColor: {r: 0.42, g: 0.478, b: 0.627, a: 1}
  m_SkyboxMaterial: {fileID: 10304, guid: 0000000000000000f000000000000000, type: 0}
  m_HaloStrength: 0.5
  m_FlareStrength: 1
  m_FlareFadeSpeed: 3
  m_HaloTexture: {fileID: 0}
  m_SpotCookie: {fileID: 10001, guid: 0000000000000000e000000000000000, type: 0}
  m_DefaultReflectionMode: 0
  m_DefaultReflectionResolution: 128
  m_ReflectionBounces: 1
  m_ReflectionIntensity: 1
  m_CustomReflection: {fileID: 0}
  m_Sun: {fileID: 0}
  m_IndirectSpecularColor: {r: 0.44657898, g: 0.4964133, b: 0.5748178, a: 1}
  m_UseRadianceAmbientProbe: 0
--- !u!157 &3
LightmapSettings:
  m_ObjectHideFlags: 0
  serializedVersion: 12
  m_GIWorkflowMode: 1
  m_GISettings:
    serializedVersion: 2
    m_BounceScale: 1
    m_IndirectOutputScale: 1
    m_AlbedoBoost: 1
    m_EnvironmentLightingMode: 0
    m_EnableBakedLightmaps: 1
    m_EnableRealtimeLightmaps: 0
  m_LightmapEditorSettings:
    serializedVersion: 12
    m_Resolution: 2
    m_BakeResolution: 40
    m_AtlasSize: 1024
    m_AO: 0
    m_AOMaxDistance: 1
    m_CompAOExponent: 1
    m_CompAOExponentDirect: 0
    m_ExtractAmbientOcclusion: 0
    m_Padding: 2
    m_LightmapParameters: {fileID: 0}
    m_LightmapsBakeMode: 1
    m_TextureCompression: 1
    m_FinalGather: 0
    m_FinalGatherFiltering: 1
    m_FinalGatherRayCount: 256
    m_ReflectionCompression: 2
    m_MixedBakeMode: 2
    m_BakeBackend: 1
    m_PVRSampling: 1
    m_PVRDirectSampleCount: 32
    m_PVRSampleCount: 512
    m_PVRBounces: 2
    m_PVREnvironmentSampleCount: 256
    m_PVREnvironmentReferencePointCount: 2048
    m_PVRFilteringMode: 1
    m_PVRDenoiserTypeDirect: 1
    m_PVRDenoiserTypeIndirect: 1
    m_PVRDenoiserTypeAO: 1
    m_PVRFilterTypeDirect: 0
    m_PVRFilterTypeIndirect: 0
    m_PVRFilterTypeAO: 0
    m_PVREnvironmentMIS: 1
    m_PVRCulling: 1
    m_PVRFilteringGaussRadiusDirect: 1
    m_PVRFilteringGaussRadiusIndirect: 5
    m_PVRFilteringGaussRadiusAO: 2
    m_PVRFilteringAtrousPositionSigmaDirect: 0.5
    m_PVRFilteringAtrousPositionSigmaIndirect: 2
    m_PVRFilteringAtrousPositionSigmaAO: 1
    m_ExportTrainingData: 0
    m_TrainingDataDestination: TrainingData
    m_LightProbeSampleCountMultiplier: 4
  m_LightingDataAsset: {fileID: 0}
  m_LightingSettings: {fileID: 0}
--- !u!196 &4
NavMeshSettings:
  serializedVersion: 2
  m_ObjectHideFlags: 0
  m_BuildSettings:
    serializedVersion: 2
    agentTypeID: 0
    agentRadius: 0.5
    agentHeight: 2
    agentSlope: 45
    agentClimb: 0.4
    ledgeDropHeight: 0
    maxJumpAcrossDistance: 0
    minRegionArea: 2
    manualCellSize: 0
    cellSize: 0.16666667
    manualTileSize: 0
    tileSize: 256
    accuratePlacement: 0
    maxJobWorkers: 0
    preserveTilesOutsideBounds: 0
    debug:
      m_Flags: 0
  m_NavMeshData: {fileID: 0}
--- !u!1001 &330740503
PrefabInstance:
  m_ObjectHideFlags: 0
  serializedVersion: 2
  m_Modification:
    m_TransformParent: {fileID: 0}
    m_Modifications:
    - target: {fileID: 228400257811369676, guid: 2889aca72230d9d4b8a28044d498184b,
        type: 3}
      propertyPath: m_RootOrder
      value: 8
      objectReference: {fileID: 0}
    - target: {fileID: 228400257811369676, guid: 2889aca72230d9d4b8a28044d498184b,
        type: 3}
      propertyPath: m_LocalPosition.x
      value: 9.501727
      objectReference: {fileID: 0}
    - target: {fileID: 228400257811369676, guid: 2889aca72230d9d4b8a28044d498184b,
        type: 3}
      propertyPath: m_LocalPosition.y
      value: -4.461836
      objectReference: {fileID: 0}
    - target: {fileID: 228400257811369676, guid: 2889aca72230d9d4b8a28044d498184b,
        type: 3}
      propertyPath: m_LocalPosition.z
      value: -76.2321
      objectReference: {fileID: 0}
    - target: {fileID: 228400257811369676, guid: 2889aca72230d9d4b8a28044d498184b,
        type: 3}
      propertyPath: m_LocalRotation.w
      value: 1
      objectReference: {fileID: 0}
    - target: {fileID: 228400257811369676, guid: 2889aca72230d9d4b8a28044d498184b,
        type: 3}
      propertyPath: m_LocalRotation.x
      value: -0
      objectReference: {fileID: 0}
    - target: {fileID: 228400257811369676, guid: 2889aca72230d9d4b8a28044d498184b,
        type: 3}
      propertyPath: m_LocalRotation.y
      value: -0
      objectReference: {fileID: 0}
    - target: {fileID: 228400257811369676, guid: 2889aca72230d9d4b8a28044d498184b,
        type: 3}
      propertyPath: m_LocalRotation.z
      value: -0
      objectReference: {fileID: 0}
    - target: {fileID: 228400257811369676, guid: 2889aca72230d9d4b8a28044d498184b,
        type: 3}
      propertyPath: m_LocalEulerAnglesHint.x
      value: 0
      objectReference: {fileID: 0}
    - target: {fileID: 228400257811369676, guid: 2889aca72230d9d4b8a28044d498184b,
        type: 3}
      propertyPath: m_LocalEulerAnglesHint.y
      value: 0
      objectReference: {fileID: 0}
    - target: {fileID: 228400257811369676, guid: 2889aca72230d9d4b8a28044d498184b,
        type: 3}
      propertyPath: m_LocalEulerAnglesHint.z
      value: 0
      objectReference: {fileID: 0}
    - target: {fileID: 228400257811369677, guid: 2889aca72230d9d4b8a28044d498184b,
        type: 3}
      propertyPath: m_Name
      value: XR Interaction Manager
      objectReference: {fileID: 0}
    m_RemovedComponents: []
  m_SourcePrefab: {fileID: 100100000, guid: 2889aca72230d9d4b8a28044d498184b, type: 3}
--- !u!114 &330740504 stripped
MonoBehaviour:
  m_CorrespondingSourceObject: {fileID: 228400257811369674, guid: 2889aca72230d9d4b8a28044d498184b,
    type: 3}
  m_PrefabInstance: {fileID: 330740503}
  m_PrefabAsset: {fileID: 0}
  m_GameObject: {fileID: 0}
  m_Enabled: 1
  m_EditorHideFlags: 0
  m_Script: {fileID: 11500000, guid: 83e4e6cca11330d4088d729ab4fc9d9f, type: 3}
  m_Name: 
  m_EditorClassIdentifier: 
--- !u!1 &573072670 stripped
GameObject:
  m_CorrespondingSourceObject: {fileID: 5665872712641372143, guid: 90f0cf706c5159c4f896a20c75ceb43a,
    type: 3}
  m_PrefabInstance: {fileID: 1198339617}
  m_PrefabAsset: {fileID: 0}
--- !u!114 &573072689 stripped
MonoBehaviour:
  m_CorrespondingSourceObject: {fileID: 5706692066928673187, guid: 90f0cf706c5159c4f896a20c75ceb43a,
    type: 3}
  m_PrefabInstance: {fileID: 1198339617}
  m_PrefabAsset: {fileID: 0}
  m_GameObject: {fileID: 573072670}
  m_Enabled: 1
  m_EditorHideFlags: 0
  m_Script: {fileID: 11500000, guid: 24efe119bf6e96d4c9fc610ec8f95ede, type: 3}
  m_Name: 
  m_EditorClassIdentifier: 
--- !u!1001 &814005421
PrefabInstance:
  m_ObjectHideFlags: 0
  serializedVersion: 2
  m_Modification:
    m_TransformParent: {fileID: 0}
    m_Modifications:
    - target: {fileID: 8190777760933029049, guid: c04029c5b6b489a40994516249704104,
        type: 3}
      propertyPath: m_Name
      value: YawTracker
      objectReference: {fileID: 0}
    - target: {fileID: 8190777760933029050, guid: c04029c5b6b489a40994516249704104,
        type: 3}
      propertyPath: m_RootOrder
      value: 7
      objectReference: {fileID: 0}
    - target: {fileID: 8190777760933029050, guid: c04029c5b6b489a40994516249704104,
        type: 3}
      propertyPath: m_LocalPosition.x
      value: -6.991839
      objectReference: {fileID: 0}
    - target: {fileID: 8190777760933029050, guid: c04029c5b6b489a40994516249704104,
        type: 3}
      propertyPath: m_LocalPosition.y
      value: 7.487986
      objectReference: {fileID: 0}
    - target: {fileID: 8190777760933029050, guid: c04029c5b6b489a40994516249704104,
        type: 3}
      propertyPath: m_LocalPosition.z
      value: -28.184526
      objectReference: {fileID: 0}
    - target: {fileID: 8190777760933029050, guid: c04029c5b6b489a40994516249704104,
        type: 3}
      propertyPath: m_LocalRotation.w
      value: 1
      objectReference: {fileID: 0}
    - target: {fileID: 8190777760933029050, guid: c04029c5b6b489a40994516249704104,
        type: 3}
      propertyPath: m_LocalRotation.x
      value: 0
      objectReference: {fileID: 0}
    - target: {fileID: 8190777760933029050, guid: c04029c5b6b489a40994516249704104,
        type: 3}
      propertyPath: m_LocalRotation.y
      value: 0
      objectReference: {fileID: 0}
    - target: {fileID: 8190777760933029050, guid: c04029c5b6b489a40994516249704104,
        type: 3}
      propertyPath: m_LocalRotation.z
      value: 0
      objectReference: {fileID: 0}
    - target: {fileID: 8190777760933029050, guid: c04029c5b6b489a40994516249704104,
        type: 3}
      propertyPath: m_LocalEulerAnglesHint.x
      value: 0
      objectReference: {fileID: 0}
    - target: {fileID: 8190777760933029050, guid: c04029c5b6b489a40994516249704104,
        type: 3}
      propertyPath: m_LocalEulerAnglesHint.y
      value: 0
      objectReference: {fileID: 0}
    - target: {fileID: 8190777760933029050, guid: c04029c5b6b489a40994516249704104,
        type: 3}
      propertyPath: m_LocalEulerAnglesHint.z
      value: 0
      objectReference: {fileID: 0}
    - target: {fileID: 8190777761247388538, guid: c04029c5b6b489a40994516249704104,
        type: 3}
      propertyPath: Ship
      value: 
      objectReference: {fileID: 573072670}
    m_RemovedComponents: []
  m_SourcePrefab: {fileID: 100100000, guid: c04029c5b6b489a40994516249704104, type: 3}
--- !u!1 &901306944
GameObject:
  m_ObjectHideFlags: 0
  m_CorrespondingSourceObject: {fileID: 0}
  m_PrefabInstance: {fileID: 0}
  m_PrefabAsset: {fileID: 0}
  serializedVersion: 6
  m_Component:
  - component: {fileID: 901306945}
  m_Layer: 0
  m_Name: SceneObjects
  m_TagString: Untagged
  m_Icon: {fileID: 0}
  m_NavMeshLayer: 0
  m_StaticEditorFlags: 0
  m_IsActive: 1
--- !u!4 &901306945
Transform:
  m_ObjectHideFlags: 0
  m_CorrespondingSourceObject: {fileID: 0}
  m_PrefabInstance: {fileID: 0}
  m_PrefabAsset: {fileID: 0}
  m_GameObject: {fileID: 901306944}
  m_LocalRotation: {x: 0, y: 0, z: 0, w: 1}
  m_LocalPosition: {x: 3, y: 0, z: -1750.92}
  m_LocalScale: {x: 1, y: 1, z: 1}
  m_Children:
  - {fileID: 1951138181}
  - {fileID: 2067257090}
  m_Father: {fileID: 0}
  m_RootOrder: 3
  m_LocalEulerAnglesHint: {x: 0, y: 0, z: 0}
--- !u!1001 &1052943713
PrefabInstance:
  m_ObjectHideFlags: 0
  serializedVersion: 2
  m_Modification:
    m_TransformParent: {fileID: 0}
    m_Modifications:
    - target: {fileID: 2421453016272100782, guid: ca01cbe2bf3512b4ca1934e52d2300f0,
        type: 3}
      propertyPath: m_IsActive
      value: 0
      objectReference: {fileID: 0}
    - target: {fileID: 4757993968145487166, guid: ca01cbe2bf3512b4ca1934e52d2300f0,
        type: 3}
      propertyPath: m_InteractionManager
      value: 
      objectReference: {fileID: 330740504}
    - target: {fileID: 5447956057396347267, guid: ca01cbe2bf3512b4ca1934e52d2300f0,
        type: 3}
      propertyPath: m_InteractionManager
      value: 
      objectReference: {fileID: 330740504}
    - target: {fileID: 5683997921021629479, guid: ca01cbe2bf3512b4ca1934e52d2300f0,
        type: 3}
      propertyPath: m_SizeDelta.x
      value: 0
      objectReference: {fileID: 0}
    - target: {fileID: 5683997921021629479, guid: ca01cbe2bf3512b4ca1934e52d2300f0,
        type: 3}
      propertyPath: m_SizeDelta.y
      value: 0
      objectReference: {fileID: 0}
    - target: {fileID: 6689304177282777497, guid: ca01cbe2bf3512b4ca1934e52d2300f0,
        type: 3}
      propertyPath: m_RootOrder
      value: 6
      objectReference: {fileID: 0}
    - target: {fileID: 6689304177282777497, guid: ca01cbe2bf3512b4ca1934e52d2300f0,
        type: 3}
      propertyPath: m_LocalPosition.x
      value: 0
      objectReference: {fileID: 0}
    - target: {fileID: 6689304177282777497, guid: ca01cbe2bf3512b4ca1934e52d2300f0,
        type: 3}
      propertyPath: m_LocalPosition.y
      value: 1.414
      objectReference: {fileID: 0}
    - target: {fileID: 6689304177282777497, guid: ca01cbe2bf3512b4ca1934e52d2300f0,
        type: 3}
      propertyPath: m_LocalPosition.z
      value: -1747.163
      objectReference: {fileID: 0}
    - target: {fileID: 6689304177282777497, guid: ca01cbe2bf3512b4ca1934e52d2300f0,
        type: 3}
      propertyPath: m_LocalRotation.w
      value: 1
      objectReference: {fileID: 0}
    - target: {fileID: 6689304177282777497, guid: ca01cbe2bf3512b4ca1934e52d2300f0,
        type: 3}
      propertyPath: m_LocalRotation.x
      value: -0
      objectReference: {fileID: 0}
    - target: {fileID: 6689304177282777497, guid: ca01cbe2bf3512b4ca1934e52d2300f0,
        type: 3}
      propertyPath: m_LocalRotation.y
      value: -0
      objectReference: {fileID: 0}
    - target: {fileID: 6689304177282777497, guid: ca01cbe2bf3512b4ca1934e52d2300f0,
        type: 3}
      propertyPath: m_LocalRotation.z
      value: -0
      objectReference: {fileID: 0}
    - target: {fileID: 6689304177282777497, guid: ca01cbe2bf3512b4ca1934e52d2300f0,
        type: 3}
      propertyPath: m_LocalEulerAnglesHint.x
      value: 0
      objectReference: {fileID: 0}
    - target: {fileID: 6689304177282777497, guid: ca01cbe2bf3512b4ca1934e52d2300f0,
        type: 3}
      propertyPath: m_LocalEulerAnglesHint.y
      value: 0
      objectReference: {fileID: 0}
    - target: {fileID: 6689304177282777497, guid: ca01cbe2bf3512b4ca1934e52d2300f0,
        type: 3}
      propertyPath: m_LocalEulerAnglesHint.z
      value: 0
      objectReference: {fileID: 0}
    - target: {fileID: 6690679024227024953, guid: ca01cbe2bf3512b4ca1934e52d2300f0,
        type: 3}
      propertyPath: Ship
      value: 
      objectReference: {fileID: 573072670}
    - target: {fileID: 6692067517745931647, guid: ca01cbe2bf3512b4ca1934e52d2300f0,
        type: 3}
      propertyPath: m_Name
      value: VehicleCamera
      objectReference: {fileID: 0}
    - target: {fileID: 8836420984170745354, guid: ca01cbe2bf3512b4ca1934e52d2300f0,
        type: 3}
      propertyPath: m_AnchorMax.y
      value: 0
      objectReference: {fileID: 0}
    - target: {fileID: 8836420984170745354, guid: ca01cbe2bf3512b4ca1934e52d2300f0,
        type: 3}
      propertyPath: m_AnchorMin.y
      value: 0
      objectReference: {fileID: 0}
    - target: {fileID: 8836420984170745354, guid: ca01cbe2bf3512b4ca1934e52d2300f0,
        type: 3}
      propertyPath: m_SizeDelta.y
      value: 0
      objectReference: {fileID: 0}
    - target: {fileID: 8836420984170745354, guid: ca01cbe2bf3512b4ca1934e52d2300f0,
        type: 3}
      propertyPath: m_AnchoredPosition.x
      value: 0
      objectReference: {fileID: 0}
    - target: {fileID: 8882458952489394545, guid: ca01cbe2bf3512b4ca1934e52d2300f0,
        type: 3}
      propertyPath: m_AnchorMax.y
      value: 0
      objectReference: {fileID: 0}
    - target: {fileID: 8882458952489394545, guid: ca01cbe2bf3512b4ca1934e52d2300f0,
        type: 3}
      propertyPath: m_AnchorMin.y
      value: 0
      objectReference: {fileID: 0}
    - target: {fileID: 8882458952489394545, guid: ca01cbe2bf3512b4ca1934e52d2300f0,
        type: 3}
      propertyPath: m_SizeDelta.y
      value: 0
      objectReference: {fileID: 0}
    - target: {fileID: 8882458952489394545, guid: ca01cbe2bf3512b4ca1934e52d2300f0,
        type: 3}
      propertyPath: m_AnchoredPosition.x
      value: 0
      objectReference: {fileID: 0}
    m_RemovedComponents: []
  m_SourcePrefab: {fileID: 100100000, guid: ca01cbe2bf3512b4ca1934e52d2300f0, type: 3}
--- !u!1 &1060978467
GameObject:
  m_ObjectHideFlags: 0
  m_CorrespondingSourceObject: {fileID: 0}
  m_PrefabInstance: {fileID: 0}
  m_PrefabAsset: {fileID: 0}
  serializedVersion: 6
  m_Component:
  - component: {fileID: 1060978468}
  - component: {fileID: 1060978469}
  - component: {fileID: 1060978470}
  m_Layer: 0
  m_Name: MyClientController
  m_TagString: Untagged
  m_Icon: {fileID: 0}
  m_NavMeshLayer: 0
  m_StaticEditorFlags: 0
  m_IsActive: 1
--- !u!4 &1060978468
Transform:
  m_ObjectHideFlags: 0
  m_CorrespondingSourceObject: {fileID: 0}
  m_PrefabInstance: {fileID: 0}
  m_PrefabAsset: {fileID: 0}
  m_GameObject: {fileID: 1060978467}
  m_LocalRotation: {x: 0, y: 0, z: 0, w: 1}
  m_LocalPosition: {x: 0, y: 0, z: 0}
  m_LocalScale: {x: 1, y: 1, z: 1}
  m_Children: []
  m_Father: {fileID: 1134164014}
  m_RootOrder: 1
  m_LocalEulerAnglesHint: {x: 0, y: 0, z: 0}
--- !u!114 &1060978469
MonoBehaviour:
  m_ObjectHideFlags: 0
  m_CorrespondingSourceObject: {fileID: 0}
  m_PrefabInstance: {fileID: 0}
  m_PrefabAsset: {fileID: 0}
  m_GameObject: {fileID: 1060978467}
  m_Enabled: 1
  m_EditorHideFlags: 0
  m_Script: {fileID: 11500000, guid: 463e840734a61cf42ad24bc8b84c5754, type: 3}
  m_Name: 
  m_EditorClassIdentifier: 
  Asteroid: {fileID: 281602037788047727, guid: 89e47e3dfd1c4ca4db8281832c513da1, type: 3}
  PlayerShipSimplificed: {fileID: 1188162684729026, guid: 0f6743df410ea2742a20b97fde00b04b,
    type: 3}
  GunWeapon: {fileID: 11400000, guid: 6d17827f1dc7c9a42ae39c625d9c3d54, type: 2}
  HealthModule: {fileID: 11400000, guid: df339bab950706c4b808ad98cb4f817a, type: 2}
  MissileWeapon: {fileID: 11400000, guid: 5db9ac5656eabbe4daa5e4bb277f77eb, type: 2}
  PowerPlant: {fileID: 11400000, guid: 7ea3bc0198838154282eebc28f5f32bf, type: 2}
  PlayerInput: {fileID: 0}
  primarys: []
  guns: {fileID: 0}
--- !u!114 &1060978470
MonoBehaviour:
  m_ObjectHideFlags: 0
  m_CorrespondingSourceObject: {fileID: 0}
  m_PrefabInstance: {fileID: 0}
  m_PrefabAsset: {fileID: 0}
  m_GameObject: {fileID: 1060978467}
  m_Enabled: 1
  m_EditorHideFlags: 0
  m_Script: {fileID: 11500000, guid: 5074288ce12c6624aa2640af62049627, type: 3}
  m_Name: 
  m_EditorClassIdentifier: 
  m_Player: {fileID: 8486124824427933839, guid: c8cfbdcebc450714da8dcc6e01d154da,
    type: 3}
--- !u!1 &1072244254
GameObject:
  m_ObjectHideFlags: 0
  m_CorrespondingSourceObject: {fileID: 0}
  m_PrefabInstance: {fileID: 0}
  m_PrefabAsset: {fileID: 0}
  serializedVersion: 6
  m_Component:
  - component: {fileID: 1072244255}
  - component: {fileID: 1072244256}
  m_Layer: 0
  m_Name: Level
  m_TagString: Untagged
  m_Icon: {fileID: 0}
  m_NavMeshLayer: 0
  m_StaticEditorFlags: 0
  m_IsActive: 1
--- !u!4 &1072244255
Transform:
  m_ObjectHideFlags: 0
  m_CorrespondingSourceObject: {fileID: 0}
  m_PrefabInstance: {fileID: 0}
  m_PrefabAsset: {fileID: 0}
  m_GameObject: {fileID: 1072244254}
  m_LocalRotation: {x: 0, y: 0, z: 0, w: 1}
  m_LocalPosition: {x: 3, y: 0, z: -1750.92}
  m_LocalScale: {x: 1, y: 1, z: 1}
  m_Children:
  - {fileID: 1156192468}
  m_Father: {fileID: 0}
  m_RootOrder: 2
  m_LocalEulerAnglesHint: {x: 0, y: 0, z: 0}
--- !u!114 &1072244256
MonoBehaviour:
  m_ObjectHideFlags: 0
  m_CorrespondingSourceObject: {fileID: 0}
  m_PrefabInstance: {fileID: 0}
  m_PrefabAsset: {fileID: 0}
  m_GameObject: {fileID: 1072244254}
  m_Enabled: 1
  m_EditorHideFlags: 0
  m_Script: {fileID: 11500000, guid: e76f755fa7dc98d49962c622a8c72f45, type: 3}
  m_Name: 
  m_EditorClassIdentifier: 
  manageTrailRenderers: 1
  onPreOriginShift:
    m_PersistentCalls:
      m_Calls: []
  onPostOriginShift:
    m_PersistentCalls:
      m_Calls: []
--- !u!1 &1134164013
GameObject:
  m_ObjectHideFlags: 0
  m_CorrespondingSourceObject: {fileID: 0}
  m_PrefabInstance: {fileID: 0}
  m_PrefabAsset: {fileID: 0}
  serializedVersion: 6
  m_Component:
  - component: {fileID: 1134164014}
  m_Layer: 0
  m_Name: Network
  m_TagString: Untagged
  m_Icon: {fileID: 0}
  m_NavMeshLayer: 0
  m_StaticEditorFlags: 0
  m_IsActive: 1
--- !u!4 &1134164014
Transform:
  m_ObjectHideFlags: 0
  m_CorrespondingSourceObject: {fileID: 0}
  m_PrefabInstance: {fileID: 0}
  m_PrefabAsset: {fileID: 0}
  m_GameObject: {fileID: 1134164013}
  m_LocalRotation: {x: 0, y: 0, z: 0, w: 1}
  m_LocalPosition: {x: 0, y: 0, z: 0}
  m_LocalScale: {x: 1, y: 1, z: 1}
  m_Children:
  - {fileID: 1361549946}
  - {fileID: 1060978468}
  m_Father: {fileID: 0}
  m_RootOrder: 1
  m_LocalEulerAnglesHint: {x: 0, y: 0, z: 0}
--- !u!1 &1156192467
GameObject:
  m_ObjectHideFlags: 0
  m_CorrespondingSourceObject: {fileID: 0}
  m_PrefabInstance: {fileID: 0}
  m_PrefabAsset: {fileID: 0}
  serializedVersion: 6
  m_Component:
  - component: {fileID: 1156192468}
  m_Layer: 0
  m_Name: Asteroids
  m_TagString: Untagged
  m_Icon: {fileID: 0}
  m_NavMeshLayer: 0
  m_StaticEditorFlags: 0
  m_IsActive: 1
--- !u!4 &1156192468
Transform:
  m_ObjectHideFlags: 0
  m_CorrespondingSourceObject: {fileID: 0}
  m_PrefabInstance: {fileID: 0}
  m_PrefabAsset: {fileID: 0}
  m_GameObject: {fileID: 1156192467}
  m_LocalRotation: {x: 0, y: 0, z: 0, w: 1}
  m_LocalPosition: {x: 0, y: 0, z: 0}
  m_LocalScale: {x: 1, y: 1, z: 1}
  m_Children: []
  m_Father: {fileID: 1072244255}
  m_RootOrder: 0
  m_LocalEulerAnglesHint: {x: 0, y: 0, z: 0}
--- !u!1001 &1198339617
PrefabInstance:
  m_ObjectHideFlags: 0
  serializedVersion: 2
  m_Modification:
    m_TransformParent: {fileID: 0}
    m_Modifications:
    - target: {fileID: 604480591522507531, guid: 90f0cf706c5159c4f896a20c75ceb43a,
        type: 3}
      propertyPath: m_AnchorMax.y
      value: 0
      objectReference: {fileID: 0}
    - target: {fileID: 604480591522507531, guid: 90f0cf706c5159c4f896a20c75ceb43a,
        type: 3}
      propertyPath: m_AnchorMin.y
      value: 0
      objectReference: {fileID: 0}
    - target: {fileID: 604480591522507531, guid: 90f0cf706c5159c4f896a20c75ceb43a,
        type: 3}
      propertyPath: m_AnchoredPosition.x
      value: 0
      objectReference: {fileID: 0}
    - target: {fileID: 604480591522507531, guid: 90f0cf706c5159c4f896a20c75ceb43a,
        type: 3}
      propertyPath: m_AnchoredPosition.y
      value: 0
      objectReference: {fileID: 0}
    - target: {fileID: 792188609469307627, guid: 90f0cf706c5159c4f896a20c75ceb43a,
        type: 3}
      propertyPath: m_AnchorMax.y
      value: 0
      objectReference: {fileID: 0}
    - target: {fileID: 792188609469307627, guid: 90f0cf706c5159c4f896a20c75ceb43a,
        type: 3}
      propertyPath: m_AnchorMin.y
      value: 0
      objectReference: {fileID: 0}
    - target: {fileID: 792188609469307627, guid: 90f0cf706c5159c4f896a20c75ceb43a,
        type: 3}
      propertyPath: m_AnchoredPosition.x
      value: 0
      objectReference: {fileID: 0}
    - target: {fileID: 792188609469307627, guid: 90f0cf706c5159c4f896a20c75ceb43a,
        type: 3}
      propertyPath: m_AnchoredPosition.y
      value: 0
      objectReference: {fileID: 0}
    - target: {fileID: 2296383956707954410, guid: 90f0cf706c5159c4f896a20c75ceb43a,
        type: 3}
      propertyPath: m_AnchorMax.y
      value: 0
      objectReference: {fileID: 0}
    - target: {fileID: 2296383956707954410, guid: 90f0cf706c5159c4f896a20c75ceb43a,
        type: 3}
      propertyPath: m_AnchorMin.y
      value: 0
      objectReference: {fileID: 0}
    - target: {fileID: 2296383956707954410, guid: 90f0cf706c5159c4f896a20c75ceb43a,
        type: 3}
      propertyPath: m_AnchoredPosition.x
      value: 0
      objectReference: {fileID: 0}
    - target: {fileID: 2296383956707954410, guid: 90f0cf706c5159c4f896a20c75ceb43a,
        type: 3}
      propertyPath: m_AnchoredPosition.y
      value: 0
      objectReference: {fileID: 0}
    - target: {fileID: 2780992320744057492, guid: 90f0cf706c5159c4f896a20c75ceb43a,
        type: 3}
      propertyPath: m_LocalPosition.x
      value: 0
      objectReference: {fileID: 0}
    - target: {fileID: 3207487880189048220, guid: 90f0cf706c5159c4f896a20c75ceb43a,
        type: 3}
      propertyPath: m_AnchorMax.y
      value: 0
      objectReference: {fileID: 0}
    - target: {fileID: 3207487880189048220, guid: 90f0cf706c5159c4f896a20c75ceb43a,
        type: 3}
      propertyPath: m_AnchorMin.y
      value: 0
      objectReference: {fileID: 0}
    - target: {fileID: 3207487880189048220, guid: 90f0cf706c5159c4f896a20c75ceb43a,
        type: 3}
      propertyPath: m_AnchoredPosition.y
      value: 0
      objectReference: {fileID: 0}
    - target: {fileID: 3237243507628493793, guid: 90f0cf706c5159c4f896a20c75ceb43a,
        type: 3}
      propertyPath: m_AnchorMax.y
      value: 0
      objectReference: {fileID: 0}
    - target: {fileID: 3237243507628493793, guid: 90f0cf706c5159c4f896a20c75ceb43a,
        type: 3}
      propertyPath: m_AnchorMin.y
      value: 0
      objectReference: {fileID: 0}
    - target: {fileID: 3237243507628493793, guid: 90f0cf706c5159c4f896a20c75ceb43a,
        type: 3}
      propertyPath: m_AnchoredPosition.x
      value: 0
      objectReference: {fileID: 0}
    - target: {fileID: 3237243507628493793, guid: 90f0cf706c5159c4f896a20c75ceb43a,
        type: 3}
      propertyPath: m_AnchoredPosition.y
      value: 0
      objectReference: {fileID: 0}
    - target: {fileID: 4925697001587814183, guid: 90f0cf706c5159c4f896a20c75ceb43a,
        type: 3}
      propertyPath: m_AnchorMax.y
      value: 0
      objectReference: {fileID: 0}
    - target: {fileID: 4925697001587814183, guid: 90f0cf706c5159c4f896a20c75ceb43a,
        type: 3}
      propertyPath: m_AnchorMin.y
      value: 0
      objectReference: {fileID: 0}
    - target: {fileID: 4925697001587814183, guid: 90f0cf706c5159c4f896a20c75ceb43a,
        type: 3}
      propertyPath: m_AnchoredPosition.x
      value: 0
      objectReference: {fileID: 0}
    - target: {fileID: 4925697001587814183, guid: 90f0cf706c5159c4f896a20c75ceb43a,
        type: 3}
      propertyPath: m_AnchoredPosition.y
      value: 0
      objectReference: {fileID: 0}
    - target: {fileID: 5070831770529047421, guid: 90f0cf706c5159c4f896a20c75ceb43a,
        type: 3}
      propertyPath: m_AnchorMax.x
      value: 0
      objectReference: {fileID: 0}
    - target: {fileID: 5070831770529047421, guid: 90f0cf706c5159c4f896a20c75ceb43a,
        type: 3}
      propertyPath: m_AnchorMax.y
      value: 0
      objectReference: {fileID: 0}
    - target: {fileID: 5099895439366250183, guid: 90f0cf706c5159c4f896a20c75ceb43a,
        type: 3}
      propertyPath: m_AnchorMax.y
      value: 0
      objectReference: {fileID: 0}
    - target: {fileID: 5099895439366250183, guid: 90f0cf706c5159c4f896a20c75ceb43a,
        type: 3}
      propertyPath: m_AnchorMin.y
      value: 0
      objectReference: {fileID: 0}
    - target: {fileID: 5099895439366250183, guid: 90f0cf706c5159c4f896a20c75ceb43a,
        type: 3}
      propertyPath: m_AnchoredPosition.x
      value: 0
      objectReference: {fileID: 0}
    - target: {fileID: 5099895439366250183, guid: 90f0cf706c5159c4f896a20c75ceb43a,
        type: 3}
      propertyPath: m_AnchoredPosition.y
      value: 0
      objectReference: {fileID: 0}
    - target: {fileID: 5665872712641372143, guid: 90f0cf706c5159c4f896a20c75ceb43a,
        type: 3}
      propertyPath: m_Name
      value: PlayerShip
      objectReference: {fileID: 0}
    - target: {fileID: 5668827427738048081, guid: 90f0cf706c5159c4f896a20c75ceb43a,
        type: 3}
      propertyPath: m_RootOrder
      value: 5
      objectReference: {fileID: 0}
    - target: {fileID: 5668827427738048081, guid: 90f0cf706c5159c4f896a20c75ceb43a,
        type: 3}
      propertyPath: m_LocalPosition.x
      value: 0
      objectReference: {fileID: 0}
    - target: {fileID: 5668827427738048081, guid: 90f0cf706c5159c4f896a20c75ceb43a,
        type: 3}
      propertyPath: m_LocalPosition.y
      value: 0
      objectReference: {fileID: 0}
    - target: {fileID: 5668827427738048081, guid: 90f0cf706c5159c4f896a20c75ceb43a,
        type: 3}
      propertyPath: m_LocalPosition.z
      value: -1750
      objectReference: {fileID: 0}
    - target: {fileID: 5668827427738048081, guid: 90f0cf706c5159c4f896a20c75ceb43a,
        type: 3}
      propertyPath: m_LocalRotation.w
      value: 1
      objectReference: {fileID: 0}
    - target: {fileID: 5668827427738048081, guid: 90f0cf706c5159c4f896a20c75ceb43a,
        type: 3}
      propertyPath: m_LocalRotation.x
      value: 0
      objectReference: {fileID: 0}
    - target: {fileID: 5668827427738048081, guid: 90f0cf706c5159c4f896a20c75ceb43a,
        type: 3}
      propertyPath: m_LocalRotation.y
      value: 0
      objectReference: {fileID: 0}
    - target: {fileID: 5668827427738048081, guid: 90f0cf706c5159c4f896a20c75ceb43a,
        type: 3}
      propertyPath: m_LocalRotation.z
      value: 0
      objectReference: {fileID: 0}
    - target: {fileID: 5668827427738048081, guid: 90f0cf706c5159c4f896a20c75ceb43a,
        type: 3}
      propertyPath: m_LocalEulerAnglesHint.x
      value: 0
      objectReference: {fileID: 0}
    - target: {fileID: 5668827427738048081, guid: 90f0cf706c5159c4f896a20c75ceb43a,
        type: 3}
      propertyPath: m_LocalEulerAnglesHint.y
      value: 0
      objectReference: {fileID: 0}
    - target: {fileID: 5668827427738048081, guid: 90f0cf706c5159c4f896a20c75ceb43a,
        type: 3}
      propertyPath: m_LocalEulerAnglesHint.z
      value: 0
      objectReference: {fileID: 0}
    - target: {fileID: 5871454825474276134, guid: 90f0cf706c5159c4f896a20c75ceb43a,
        type: 3}
      propertyPath: m_AnchorMax.y
      value: 0
      objectReference: {fileID: 0}
    - target: {fileID: 5871454825474276134, guid: 90f0cf706c5159c4f896a20c75ceb43a,
        type: 3}
      propertyPath: m_AnchorMin.y
      value: 0
      objectReference: {fileID: 0}
    - target: {fileID: 5871454825474276134, guid: 90f0cf706c5159c4f896a20c75ceb43a,
        type: 3}
      propertyPath: m_AnchoredPosition.x
      value: 0
      objectReference: {fileID: 0}
    - target: {fileID: 5871454825474276134, guid: 90f0cf706c5159c4f896a20c75ceb43a,
        type: 3}
      propertyPath: m_AnchoredPosition.y
      value: 0
      objectReference: {fileID: 0}
    - target: {fileID: 7072539547763441744, guid: 90f0cf706c5159c4f896a20c75ceb43a,
        type: 3}
      propertyPath: m_AnchorMax.y
      value: 0
      objectReference: {fileID: 0}
    - target: {fileID: 7072539547763441744, guid: 90f0cf706c5159c4f896a20c75ceb43a,
        type: 3}
      propertyPath: m_AnchorMin.y
      value: 0
      objectReference: {fileID: 0}
    - target: {fileID: 7072539547763441744, guid: 90f0cf706c5159c4f896a20c75ceb43a,
        type: 3}
      propertyPath: m_AnchoredPosition.x
      value: 0
      objectReference: {fileID: 0}
    - target: {fileID: 7072539547763441744, guid: 90f0cf706c5159c4f896a20c75ceb43a,
        type: 3}
      propertyPath: m_AnchoredPosition.y
      value: 0
      objectReference: {fileID: 0}
    - target: {fileID: 7082196102647954989, guid: 90f0cf706c5159c4f896a20c75ceb43a,
        type: 3}
      propertyPath: m_AnchorMax.y
      value: 0
      objectReference: {fileID: 0}
    - target: {fileID: 7082196102647954989, guid: 90f0cf706c5159c4f896a20c75ceb43a,
        type: 3}
      propertyPath: m_AnchorMin.y
      value: 0
      objectReference: {fileID: 0}
    - target: {fileID: 7082196102647954989, guid: 90f0cf706c5159c4f896a20c75ceb43a,
        type: 3}
      propertyPath: m_AnchoredPosition.x
      value: 0
      objectReference: {fileID: 0}
    - target: {fileID: 7082196102647954989, guid: 90f0cf706c5159c4f896a20c75ceb43a,
        type: 3}
      propertyPath: m_AnchoredPosition.y
      value: 0
      objectReference: {fileID: 0}
    m_RemovedComponents: []
  m_SourcePrefab: {fileID: 100100000, guid: 90f0cf706c5159c4f896a20c75ceb43a, type: 3}
--- !u!1 &1361549945
GameObject:
  m_ObjectHideFlags: 0
  m_CorrespondingSourceObject: {fileID: 0}
  m_PrefabInstance: {fileID: 0}
  m_PrefabAsset: {fileID: 0}
  serializedVersion: 6
  m_Component:
  - component: {fileID: 1361549946}
  - component: {fileID: 1361549949}
  - component: {fileID: 1361549948}
  - component: {fileID: 1361549947}
  m_Layer: 0
  m_Name: NetworkManager
  m_TagString: Untagged
  m_Icon: {fileID: 0}
  m_NavMeshLayer: 0
  m_StaticEditorFlags: 0
  m_IsActive: 1
--- !u!4 &1361549946
Transform:
  m_ObjectHideFlags: 0
  m_CorrespondingSourceObject: {fileID: 0}
  m_PrefabInstance: {fileID: 0}
  m_PrefabAsset: {fileID: 0}
  m_GameObject: {fileID: 1361549945}
  m_LocalRotation: {x: 0, y: 0, z: 0, w: 1}
  m_LocalPosition: {x: 0, y: 0, z: 0}
  m_LocalScale: {x: 1, y: 1, z: 1}
  m_Children: []
  m_Father: {fileID: 1134164014}
  m_RootOrder: 0
  m_LocalEulerAnglesHint: {x: 0, y: 0, z: 0}
--- !u!114 &1361549947
MonoBehaviour:
  m_ObjectHideFlags: 0
  m_CorrespondingSourceObject: {fileID: 0}
  m_PrefabInstance: {fileID: 0}
  m_PrefabAsset: {fileID: 0}
  m_GameObject: {fileID: 1361549945}
  m_Enabled: 1
  m_EditorHideFlags: 0
  m_Script: {fileID: 11500000, guid: 6442dc8070ceb41f094e44de0bf87274, type: 3}
  m_Name: 
  m_EditorClassIdentifier: 
  offsetX: 0
  offsetY: 0
--- !u!114 &1361549948
MonoBehaviour:
  m_ObjectHideFlags: 0
  m_CorrespondingSourceObject: {fileID: 0}
  m_PrefabInstance: {fileID: 0}
  m_PrefabAsset: {fileID: 0}
  m_GameObject: {fileID: 1361549945}
  m_Enabled: 1
  m_EditorHideFlags: 0
  m_Script: {fileID: 11500000, guid: 6b0fecffa3f624585964b0d0eb21b18e, type: 3}
  m_Name: 
  m_EditorClassIdentifier: 
  Port: 7777
  DualMode: 1
  NoDelay: 1
  Interval: 10
  Timeout: 10000
  FastResend: 2
  CongestionWindow: 0
  SendWindowSize: 4096
  ReceiveWindowSize: 4096
  MaxRetransmit: 40
  NonAlloc: 1
  MaximizeSendReceiveBuffersToOSLimit: 1
  ReliableMaxMessageSize: 298449
  UnreliableMaxMessageSize: 1199
  debugLog: 0
  statisticsGUI: 0
  statisticsLog: 0
--- !u!114 &1361549949
MonoBehaviour:
  m_ObjectHideFlags: 0
  m_CorrespondingSourceObject: {fileID: 0}
  m_PrefabInstance: {fileID: 0}
  m_PrefabAsset: {fileID: 0}
  m_GameObject: {fileID: 1361549945}
  m_Enabled: 1
  m_EditorHideFlags: 0
  m_Script: {fileID: 11500000, guid: 26b3c63e66613e34fa584a20ff785e79, type: 3}
  m_Name: 
  m_EditorClassIdentifier: 
  dontDestroyOnLoad: 1
  runInBackground: 1
  autoStartServerBuild: 1
  serverTickRate: 60
  offlineScene: 
  onlineScene: 
  transport: {fileID: 1361549948}
  networkAddress: localhost
  maxConnections: 100
  authenticator: {fileID: 0}
  playerPrefab: {fileID: 8486124824427933839, guid: c8cfbdcebc450714da8dcc6e01d154da,
    type: 3}
  autoCreatePlayer: 1
  playerSpawnMethod: 0
  spawnPrefabs: []
  m_listPlayers: []
--- !u!1001 &1455859848
PrefabInstance:
  m_ObjectHideFlags: 0
  serializedVersion: 2
  m_Modification:
    m_TransformParent: {fileID: 0}
    m_Modifications:
    - target: {fileID: 8251515609188369901, guid: 21222026b7cc9c94688963f564871a41,
        type: 3}
      propertyPath: m_Name
      value: Player_InputSystem
      objectReference: {fileID: 0}
    - target: {fileID: 8252919465913677001, guid: 21222026b7cc9c94688963f564871a41,
        type: 3}
      propertyPath: m_RootOrder
      value: 4
      objectReference: {fileID: 0}
    - target: {fileID: 8252919465913677001, guid: 21222026b7cc9c94688963f564871a41,
        type: 3}
      propertyPath: m_LocalPosition.x
      value: 0
      objectReference: {fileID: 0}
    - target: {fileID: 8252919465913677001, guid: 21222026b7cc9c94688963f564871a41,
        type: 3}
      propertyPath: m_LocalPosition.y
      value: 0
      objectReference: {fileID: 0}
    - target: {fileID: 8252919465913677001, guid: 21222026b7cc9c94688963f564871a41,
        type: 3}
      propertyPath: m_LocalPosition.z
      value: 0
      objectReference: {fileID: 0}
    - target: {fileID: 8252919465913677001, guid: 21222026b7cc9c94688963f564871a41,
        type: 3}
      propertyPath: m_LocalRotation.w
      value: 1
      objectReference: {fileID: 0}
    - target: {fileID: 8252919465913677001, guid: 21222026b7cc9c94688963f564871a41,
        type: 3}
      propertyPath: m_LocalRotation.x
      value: 0
      objectReference: {fileID: 0}
    - target: {fileID: 8252919465913677001, guid: 21222026b7cc9c94688963f564871a41,
        type: 3}
      propertyPath: m_LocalRotation.y
      value: 0
      objectReference: {fileID: 0}
    - target: {fileID: 8252919465913677001, guid: 21222026b7cc9c94688963f564871a41,
        type: 3}
      propertyPath: m_LocalRotation.z
      value: 0
      objectReference: {fileID: 0}
    - target: {fileID: 8252919465913677001, guid: 21222026b7cc9c94688963f564871a41,
        type: 3}
      propertyPath: m_LocalEulerAnglesHint.x
      value: 0
      objectReference: {fileID: 0}
    - target: {fileID: 8252919465913677001, guid: 21222026b7cc9c94688963f564871a41,
        type: 3}
      propertyPath: m_LocalEulerAnglesHint.y
      value: 0
      objectReference: {fileID: 0}
    - target: {fileID: 8252919465913677001, guid: 21222026b7cc9c94688963f564871a41,
        type: 3}
      propertyPath: m_LocalEulerAnglesHint.z
      value: 0
      objectReference: {fileID: 0}
    - target: {fileID: 8291946389518415953, guid: 21222026b7cc9c94688963f564871a41,
        type: 3}
      propertyPath: startingVehicle
      value: 
      objectReference: {fileID: 573072689}
    m_RemovedComponents: []
  m_SourcePrefab: {fileID: 100100000, guid: 21222026b7cc9c94688963f564871a41, type: 3}
--- !u!1 &1642758284
GameObject:
  m_ObjectHideFlags: 0
  m_CorrespondingSourceObject: {fileID: 0}
  m_PrefabInstance: {fileID: 0}
  m_PrefabAsset: {fileID: 0}
  serializedVersion: 6
  m_Component:
  - component: {fileID: 1642758286}
  - component: {fileID: 1642758285}
  m_Layer: 0
  m_Name: Directional Light
  m_TagString: Untagged
  m_Icon: {fileID: 0}
  m_NavMeshLayer: 0
  m_StaticEditorFlags: 0
  m_IsActive: 1
--- !u!108 &1642758285
Light:
  m_ObjectHideFlags: 0
  m_CorrespondingSourceObject: {fileID: 0}
  m_PrefabInstance: {fileID: 0}
  m_PrefabAsset: {fileID: 0}
  m_GameObject: {fileID: 1642758284}
  m_Enabled: 1
  serializedVersion: 10
  m_Type: 1
  m_Shape: 0
  m_Color: {r: 1, g: 0.95686275, b: 0.8392157, a: 1}
  m_Intensity: 1
  m_Range: 10
  m_SpotAngle: 30
  m_InnerSpotAngle: 21.80208
  m_CookieSize: 10
  m_Shadows:
    m_Type: 2
    m_Resolution: -1
    m_CustomResolution: -1
    m_Strength: 1
    m_Bias: 0.05
    m_NormalBias: 0.4
    m_NearPlane: 0.2
    m_CullingMatrixOverride:
      e00: 1
      e01: 0
      e02: 0
      e03: 0
      e10: 0
      e11: 1
      e12: 0
      e13: 0
      e20: 0
      e21: 0
      e22: 1
      e23: 0
      e30: 0
      e31: 0
      e32: 0
      e33: 1
    m_UseCullingMatrixOverride: 0
  m_Cookie: {fileID: 0}
  m_DrawHalo: 0
  m_Flare: {fileID: 0}
  m_RenderMode: 0
  m_CullingMask:
    serializedVersion: 2
    m_Bits: 4294967295
  m_RenderingLayerMask: 1
  m_Lightmapping: 4
  m_LightShadowCasterMode: 0
  m_AreaSize: {x: 1, y: 1}
  m_BounceIntensity: 1
  m_ColorTemperature: 6570
  m_UseColorTemperature: 0
  m_BoundingSphereOverride: {x: 0, y: 0, z: 0, w: 0}
  m_UseBoundingSphereOverride: 0
  m_UseViewFrustumForShadowCasterCull: 1
  m_ShadowRadius: 0
  m_ShadowAngle: 0
--- !u!4 &1642758286
Transform:
  m_ObjectHideFlags: 0
  m_CorrespondingSourceObject: {fileID: 0}
  m_PrefabInstance: {fileID: 0}
  m_PrefabAsset: {fileID: 0}
  m_GameObject: {fileID: 1642758284}
  m_LocalRotation: {x: 0.40821788, y: -0.23456968, z: 0.10938163, w: 0.8754261}
  m_LocalPosition: {x: 0, y: 3, z: 0}
  m_LocalScale: {x: 1, y: 1, z: 1}
  m_Children: []
  m_Father: {fileID: 0}
  m_RootOrder: 0
  m_LocalEulerAnglesHint: {x: 50, y: -30, z: 0}
--- !u!1 &1951138180
GameObject:
  m_ObjectHideFlags: 0
  m_CorrespondingSourceObject: {fileID: 0}
  m_PrefabInstance: {fileID: 0}
  m_PrefabAsset: {fileID: 0}
  serializedVersion: 6
  m_Component:
  - component: {fileID: 1951138181}
  - component: {fileID: 1951138182}
  m_Layer: 0
  m_Name: FloatingOriginManager
  m_TagString: Untagged
  m_Icon: {fileID: 0}
  m_NavMeshLayer: 0
  m_StaticEditorFlags: 0
  m_IsActive: 1
--- !u!4 &1951138181
Transform:
  m_ObjectHideFlags: 0
  m_CorrespondingSourceObject: {fileID: 0}
  m_PrefabInstance: {fileID: 0}
  m_PrefabAsset: {fileID: 0}
  m_GameObject: {fileID: 1951138180}
  m_LocalRotation: {x: 0, y: 0, z: 0, w: 1}
  m_LocalPosition: {x: 0, y: 0, z: 0}
  m_LocalScale: {x: 1, y: 1, z: 1}
  m_Children: []
  m_Father: {fileID: 901306945}
  m_RootOrder: 0
  m_LocalEulerAnglesHint: {x: 0, y: 0, z: 0}
--- !u!114 &1951138182
MonoBehaviour:
  m_ObjectHideFlags: 0
  m_CorrespondingSourceObject: {fileID: 0}
  m_PrefabInstance: {fileID: 0}
  m_PrefabAsset: {fileID: 0}
  m_GameObject: {fileID: 1951138180}
  m_Enabled: 1
  m_EditorHideFlags: 0
  m_Script: {fileID: 11500000, guid: 872c752305fff944dae40fe2c0ce40d2, type: 3}
  m_Name: 
  m_EditorClassIdentifier: 
  focusedTransform: {fileID: 0}
  useFirstCameraEntityInScene: 1
  maxDistanceFromCenter: 1001
  onFloatingOriginUpdated:
    m_PersistentCalls:
      m_Calls: []
--- !u!1 &2067257089
GameObject:
  m_ObjectHideFlags: 0
  m_CorrespondingSourceObject: {fileID: 0}
  m_PrefabInstance: {fileID: 0}
  m_PrefabAsset: {fileID: 0}
  serializedVersion: 6
  m_Component:
  - component: {fileID: 2067257090}
  - component: {fileID: 2067257091}
  m_Layer: 0
  m_Name: PoolManager
  m_TagString: Untagged
  m_Icon: {fileID: 0}
  m_NavMeshLayer: 0
  m_StaticEditorFlags: 0
  m_IsActive: 1
--- !u!4 &2067257090
Transform:
  m_ObjectHideFlags: 0
  m_CorrespondingSourceObject: {fileID: 0}
  m_PrefabInstance: {fileID: 0}
  m_PrefabAsset: {fileID: 0}
  m_GameObject: {fileID: 2067257089}
  m_LocalRotation: {x: 0, y: 0, z: 0, w: 1}
  m_LocalPosition: {x: 0, y: 0, z: 0}
  m_LocalScale: {x: 1, y: 1, z: 1}
  m_Children: []
  m_Father: {fileID: 901306945}
  m_RootOrder: 1
  m_LocalEulerAnglesHint: {x: 0, y: 0, z: 0}
--- !u!114 &2067257091
MonoBehaviour:
  m_ObjectHideFlags: 0
  m_CorrespondingSourceObject: {fileID: 0}
  m_PrefabInstance: {fileID: 0}
  m_PrefabAsset: {fileID: 0}
  m_GameObject: {fileID: 2067257089}
  m_Enabled: 1
  m_EditorHideFlags: 0
  m_Script: {fileID: 11500000, guid: e44f750be980295409cecf31d4d13db4, type: 3}
  m_Name: 
  m_EditorClassIdentifier: 
  m_bIsStart_FirePrimary: 0
  m_bIsStart_FireSecondary: 0
  m_fActionInterval: 0
